@online{shchur2020blog,
    author = {Shchur, Oleksandr},
    title = {\foreignlanguage{english}{
        Temporal Point Processes 1: The Conditional Intensity Function}},
    url = {https://shchur.github.io/blog/2020/tpp1-conditional-intensity},
    year = 2020,
    urldate = {2023-05-24},
}

@online{shchur2021blog,
    author = {Shchur, Oleksandr},
    title = {\foreignlanguage{english}{
        Temporal Point Processes 2: Neural TPP Models}},
    url = {https://shchur.github.io/blog/2021/tpp2-neural-tpps},
    year = 2021,
    urldate = {2023-05-24},
}

@inproceedings{dascher2021flexible,
    title = {\foreignlanguage{english}{
        Flexible and Scalable Earthquake Forecasting}},
    author = {Dascher-Cousineau, Kelian and Shchur, Oleksandr
        and Brodsky, Emily},
    booktitle = {AGU Fall Meeting Abstracts},
    volume = {2021},
    pages = {S33B--02},
    year = {2021},
}

@misc{shchur2021neural,
    title={\foreignlanguage{english}{
        Neural Temporal Point Processes: A Review}}, 
    author={Oleksandr Shchur and Ali Caner T체rkmen and Tim Januschowski
        and Stephan G체nnemann},
    year={2021},
    eprint={2104.03528},
    archivePrefix={arXiv},
    primaryClass={cs.LG}
}

@phdthesis{shchur2022thesis,
    title = {\foreignlanguage{english}{
        Modeling Continous-time Event Data with Neural
        Temporal Point Processes}},
    author = {Shchur, Oleksandr},
    school = {Technische Universit채t M체nchen},
    year = {2022}
}

@misc{cho2014learning,
    title={\foreignlanguage{english}{
        Learning Phrase Representations using RNN Encoder-Decoder for
        Statistical Machine Translation}}, 
    author={Kyunghyun Cho and Bart van Merrienboer and Caglar Gulcehre
        and Dzmitry Bahdanau and Fethi Bougares and Holger Schwenk
        and Yoshua Bengio},
    year={2014},
    eprint={1406.1078},
    archivePrefix={arXiv},
    primaryClass={cs.CL}
}